<record><leader>00000cas a2200000 a 4500</leader><controlfield tag="001">22600686</controlfield><controlfield tag="008">901029d18uu19uuiluwr ne      0    0eng c</controlfield><datafield ind1=" " ind2=" " tag="010"><subfield code="a">sn 90054630 </subfield></datafield><datafield ind1=" " ind2=" " tag="040"><subfield code="a">NVF</subfield><subfield code="b">eng</subfield><subfield code="c">NVF</subfield><subfield code="d">OCL</subfield><subfield code="d">NVF</subfield><subfield code="d">OCLCF</subfield><subfield code="d">OCLCO</subfield></datafield><datafield ind1="1" ind2=" " tag="029"><subfield code="a">AU@</subfield><subfield code="b">000020225136</subfield></datafield><datafield ind1=" " ind2=" " tag="042"><subfield code="a">pcc</subfield></datafield><datafield ind1=" " ind2=" " tag="043"><subfield code="a">n-us-il</subfield></datafield><datafield ind1="0" ind2=" " tag="130"><subfield code="a">Weekly leader (Pontiac, Ill.)</subfield></datafield><datafield ind1="1" ind2="4" tag="245"><subfield code="a">The weekly leader.</subfield></datafield><datafield ind1="1" ind2="3" tag="246"><subfield code="a">Pontiac leader</subfield><subfield code="f">Jan. 1-Aug. 11, 1892</subfield></datafield><datafield ind1=" " ind2=" " tag="260"><subfield code="a">Pontiac, Ill. :</subfield><subfield code="b">Robert M. Mize</subfield></datafield><datafield ind1=" " ind2=" " tag="300"><subfield code="a">v.</subfield></datafield><datafield ind1=" " ind2=" " tag="310"><subfield code="a">Weekly</subfield></datafield><datafield ind1=" " ind2=" " tag="580"><subfield code="a">Daily ed.: Pontiac daily leader (Pontiac, Ill. : 1896), 1896-1899.</subfield></datafield><datafield ind1=" " ind2=" " tag="588"><subfield code="a">Latest issue consulted: 20th year, no.17 (Dec. 24, 1903).</subfield></datafield><datafield ind1=" " ind2=" " tag="588"><subfield code="a">Description based on: Vol. 7, no. 38 (July 3, 1890).</subfield></datafield><datafield ind1=" " ind2="0" tag="651"><subfield code="a">Pontiac (Ill.)</subfield><subfield code="v">Newspapers.</subfield></datafield><datafield ind1=" " ind2="7" tag="655"><subfield code="a">Newspapers.</subfield><subfield code="2">fast</subfield><subfield code="0">(OCoLC)fst01423814</subfield></datafield><datafield ind1=" " ind2="7" tag="651"><subfield code="a">Illinois</subfield><subfield code="z">Pontiac.</subfield><subfield code="2">fast</subfield><subfield code="0">(OCoLC)fst01217909</subfield></datafield><datafield ind1=" " ind2=" " tag="752"><subfield code="a">United States</subfield><subfield code="b">Illinois</subfield><subfield code="c">Livingston</subfield><subfield code="d">Pontiac.</subfield></datafield><datafield ind1="1" ind2=" " tag="775"><subfield code="t">Pontiac daily leader (Pontiac, Ill. : 1896)</subfield><subfield code="w">(DLC)sn 90054635</subfield><subfield code="w">(OCoLC)22600744</subfield></datafield></record>